<?xml version="1.0" encoding="UTF-8"?><record xmlns="http://www.loc.gov/MARC21/slim" xmlns:cinclude="http://apache.org/cocoon/include/1.0" xmlns:zs="http://www.loc.gov/zing/srw/">
  <leader>01136cz  a2200217n  4500</leader>
  <controlfield tag="001">n  83074130 </controlfield>
  <controlfield tag="003">DLC</controlfield>
  <controlfield tag="005">20141217110436.0</controlfield>
  <controlfield tag="008">830204n| acannaabn          |n aba      </controlfield>
  <datafield tag="010" ind1=" " ind2=" ">
    <subfield code="a">n  83074130 </subfield>
  </datafield>
  <datafield tag="035" ind1=" " ind2=" ">
    <subfield code="a">(OCoLC)oca00955721</subfield>
  </datafield>
  <datafield tag="040" ind1=" " ind2=" ">
    <subfield code="a">DLC</subfield>
    <subfield code="b">eng</subfield>
    <subfield code="c">DLC</subfield>
    <subfield code="d">OCoLC</subfield>
    <subfield code="d">DLC</subfield>
    <subfield code="d">IlMchBWI</subfield>
    <subfield code="d">DLC</subfield>
  </datafield>
  <datafield tag="100" ind1="1" ind2=" ">
    <subfield code="a">Morse, John</subfield>
  </datafield>
  <datafield tag="667" ind1=" " ind2=" ">
    <subfield code="a">THIS 1XX FIELD CANNOT BE USED UNDER RDA UNTIL THIS UNDIFFERENTIATED RECORD HAS BEEN HANDLED FOLLOWING THE GUIDELINES IN DCM Z1 008/32</subfield>
  </datafield>
  <datafield tag="670" ind1=" " ind2=" ">
    <subfield code="a">[Author of An Englishman in the Russian ranks]</subfield>
  </datafield>
  <datafield tag="670" ind1=" " ind2=" ">
    <subfield code="a">His an Englishman in the Russian ranks, 1915:</subfield>
    <subfield code="b">t.p. (John Morse)</subfield>
  </datafield>
  <datafield tag="670" ind1=" " ind2=" ">
    <subfield code="a">[Co-author of Foundations of sand]</subfield>
  </datafield>
  <datafield tag="670" ind1=" " ind2=" ">
    <subfield code="a">Halstad, L. Foundations of sand, c1982 (a.e.)</subfield>
    <subfield code="b">t.p. (John Morse, M.A.) p. 4 of cover (retired Navy Captain, former Deputy Ass't Secretary of Defense)</subfield>
  </datafield>
  <datafield tag="670" ind1=" " ind2=" ">
    <subfield code="a">[Co-author of David Stark design]</subfield>
  </datafield>
  <datafield tag="670" ind1=" " ind2=" ">
    <subfield code="a">David Stark design, c2010:</subfield>
    <subfield code="b">t.p. (John Morse)</subfield>
  </datafield>
  <datafield tag="675" ind1=" " ind2=" ">
    <subfield code="a">WW Eng., 1915;</subfield>
    <subfield code="a">Lit. yrbk., 1915;</subfield>
    <subfield code="a">WW Amer., 1982-1983;</subfield>
    <subfield code="a">WW East, 1981-1982;</subfield>
    <subfield code="a">Register of ret. officers, Navy &amp; Marine corps., 1970 (Morse, John Frye; b. 1914; ret. 1965 [may be a different person])</subfield>
  </datafield>
</record>